@PREAMBLE{
 "\providecommand{\noopsort}[1]{}" 
 # "\providecommand{\singleletter}[1]{#1}%" 
}

@BOOK{scitool,
   author       = {M. R. Derrick and D. Stulik and J. M. Landry},
   year         = 1999,
   title        = {Infrared Spectroscopy in Conservation Science},
   publisher    = {The Getty Conservation Institute}
}

@ARTICLE{feyn54,
   author       = "R. P. Feynman",
   year         = "1954",
   journal      = "Phys.\ Rev.",
   volume       = "94",
   pages        = "262",
}

@ARTICLE{epr,
   author       = "A. Einstein and {\relax Yu} Podolsky and N. Rosen", 
   year         = "1935", 
   journal      = "Phys.\ Rev.", 
   volume       = "47", 
   pages        = "777",
}


@BOOK{StevenSimon,
author = " Steven H. Simon",
year= " 2013",
title= " The Oxford Solid State Basics",
publisher= "OXFORD University Press",
}


@BOOK{BADBOOKTHATISSOMEWHATUSEFULCLAUDE,
author="Claude Weisbuch and Borge Vinter",
year= "1991",
title= "Quantum Semiconductor Structures Fundamentals and Applications",
publisher="Academic Press,Inc",
}

@BOOK{anactualusefulbookbySPRINGER,
author="Peter Fulde and Klaus von Klitzing",
year="1995",
title="The Quantum Hall Effects Integral and Fractional",
publisher="Springer",
}

@BOOK{electricitystuffusedfromresistancesinparallel,
author="Edward M.Purcell and David J.Morin",
year="2013",
title="Electricity And Magnetism Third Edition",
publisher="Cambridge University Press",
}

@BOOK{Ashcroft,
author="Neil W.Ashcroft and N.David Mermin",
year="1976",
title="Solid State Physics",
publisher="Harcourt College Publishers",
}

@BOOK{SAKURAI,
author = "J.J. Sakurai and Jim Napolitano",
year= "2011",
title = "Modern Quantum Mechanics Second Edition",
publisher = "Pearson"
}

@article{QuantumLifetime,
author = "Tse-Ming Chen,C.T. Liang, M.Y. Simmons and D.A. Ritchie",
title= "Transport and Quantum Lifetime Dependence on Electron Density in Gated GaAs/AlGaAs Heterostructures"
}

@article{Mohr_2016,
	doi = {10.1103/revmodphys.88.035009},
  
	url = {https://doi.org/10.1103%2Frevmodphys.88.035009},
  
	year = 2016,
	month = {sep},
  
	publisher = {American Physical Society ({APS})},
  
	volume = {88},
  
	number = {3},
  
	author = {Peter J. Mohr and David B. Newell and Barry N. Taylor},
  
	title = {{CODATA} recommended values of the fundamental physical constants: 2014},
  
	journal = {Reviews of Modern Physics}
}
@article{PhysRevB.44.3793,
  title = {Small-angle scattering in two-dimensional electron gases},
  author = {Coleridge, P. T.},
  journal = {Phys. Rev. B},
  volume = {44},
  issue = {8},
  pages = {3793--3801},
  numpages = {0},
  year = {1991},
  month = {Aug},
  publisher = {American Physical Society},
  doi = {10.1103/PhysRevB.44.3793},
  url = {https://link.aps.org/doi/10.1103/PhysRevB.44.3793}
}
@article{doi:10.1063/1.363818,
author = {Moore,W. J.  and Holm,R. T. },
title = {Infrared dielectric constant of gallium arsenide},
journal = {Journal of Applied Physics},
volume = {80},
number = {12},
pages = {6939-6942},
year = {1996},
doi = {10.1063/1.363818},
URL = {https://doi.org/10.1063/1.363818},
eprint = {https://doi.org/10.1063/1.363818}}