@PREAMBLE{
 "\providecommand{\noopsort}[1]{}" 
 # "\providecommand{\singleletter}[1]{#1}%" 
}

@BOOK{scitool,
   author       = {M. R. Derrick and D. Stulik and J. M. Landry},
   year         = 1999,
   title        = {Infrared Spectroscopy in Conservation Science},
   publisher    = {The Getty Conservation Institute}
}

@ARTICLE{feyn54,
   author       = "R. P. Feynman",
   year         = "1954",
   journal      = "Phys.\ Rev.",
   volume       = "94",
   pages        = "262",
}

@ARTICLE{epr,
   author       = "A. Einstein and {\relax Yu} Podolsky and N. Rosen", 
   year         = "1935", 
   journal      = "Phys.\ Rev.", 
   volume       = "47", 
   pages        = "777",
}

@ARTICLE{NICKELMAGNETIZATIONSATURATION,
 author = {Jose I. Schwerdt and Gerardo F.Goya and M.Pilar Calatayud and Claudia B. Herenu and  Paula C. Reggiani and Rodolfo G.Goya},
year ="2012",
journal = "Current Gene Therapy",
volume = "12"
}

@BOOK{SAKURAI,
author = "J.J. Sakurai and Jim Napolitano",
year= "2011",
title = "Modern Quantum Mechanics Second Edition",
publisher = "Pearson"
}

@BOOK{OHANDLEY,
author = "Robert C.O'Handley",
year= "2000",
title= " Modern Magnetic Materials Principles and Applications",
publisher = "JOHN WBkEY and SONS, INC"
}


@BOOK{SPALDIN,
author = "Nicola A. Spaldin",
year= "2011",
title="Magneitc Materials Fundamentals and Applications",
publisher="Cambridge University Press" 
}

@BOOK{StevenSimon,
author = " Steven H. Simon",
year= " 2013",
title= " The Oxford Solid State Basics",
publisher= "OXFORD University Press"
}

@ARTICLE{NICKELCURIETEMP,
author = "B.Legendre and M.Sghaier",
year = "2011",
journal= "Springer"
}


@ARTICLE{NICKELCRYSTALSTRUCT,
author= " G.P. Thomson",
year= "1929",
journal= "Nature",
volume= "123"
}


@ARTICLE{NICKELSUSCEP,
author= "John F. Schenck",
year="1996",
journal= "Medical Physics",
volume="23"
}


@ARTICLE{stupidarticle,
author="M.S Miller and F.E Stageberg and Y.M Chow and K.Rook and L.A. Heuer",
year= "1994",
journal= "J.Appl",
volume=75
}

@ARTICLE{BERGMAN,
author = "Gerd Bergman",
year= "1979",
journal = "Physics Today",
volume = "32"
}
