@PREAMBLE{
 "\providecommand{\noopsort}[1]{}" 
 # "\providecommand{\singleletter}[1]{#1}%" 
}

@BOOK{scitool,
   author       = {M. R. Derrick and D. Stulik and J. M. Landry},
   year         = 1999,
   title        = {Infrared Spectroscopy in Conservation Science},
   publisher    = {The Getty Conservation Institute}
}

@ARTICLE{feyn54,
   author       = "R. P. Feynman",
   year         = "1954",
   journal      = "Phys.\ Rev.",
   volume       = "94",
   pages        = "262",
}

@ARTICLE{epr,
   author       = "A. Einstein and {\relax Yu} Podolsky and N. Rosen", 
   year         = "1935", 
   journal      = "Phys.\ Rev.", 
   volume       = "47", 
   pages        = "777",
}


@BOOK{Cryptodorigins,
title="An Overview of Cryptography",
author="G. C. Kessler",
year="2006"
}

@misc{FirstdocumenteduseofCrypto,
title="A Brief History of Cryptography",
author="Cypher Research Laboratories Pty. Ltd.",
note={Accesed on 14/6/2022},
howpublished="http://www.cypher.com.au/crypto\_history.htm"
}

@article{CryptoKeys,
author="J. I. Ahmed, R. Din and M. Ahmed",
year="2018",
journal="Indonesian Journal of Electrical Engineering and Computer Science",
volume="12",
pages="447-454"
}

@article{QuantumCryptoOrigin,
author="N. Gisin, G. Ribordy, W. Tittel and H. Zbinden",
year=2002,
journal="Review Of Modern Physics",
volume="74"
}

@article{ORIGINALBB84,
author="C.H. Bennett, G. Brassard",
year=1984,
journal="International Conference on Computers, Systems \&\ Signal Processing",
Volume=1
}

@article{BB84SECURETheory,
author="P. W. Shor and J.Preskill",
year=2000,
journal="Physical Review Letters",
volume=85,
pages="441-444"
}

@article{BB84SECUREExperiment,
author="W. Wang, N.  Lutkenhaus",
title="Numerical Security Proof for Decoy-State BB84 and
Measurement-Device-Independent QKD Resistant against Large Basis Misalignment",
year=2021,
month={August},
doi={
https://doi.org/10.48550/arXiv.2108.10844
},
URL={https://arxiv.org/abs/2108.10844}
}

@article{BB84Satellite,
author="et al., S.K. Liao",
year=2017,
journal="Nature",
volume=549,
pages="43-47"
}

@article{BB84underwater1,
author="Z. Feng, S.Li and Z.Xu",
year=2021,
journal="Optics Express",
volume=29,
pages="8725-8736"
}

@article{BB84underwater2,
author="et al., S. Dong",
title="Practical underwater quantum key distribution
based on decoy-state BB84 protocol",
year=2022,
month={Mars},
doi={https://doi.org/10.1364/AO.457662},
URL={https://arxiv.org/abs/2203.04598}
}

@INPROCEEDINGS{9225317,
  author={Jain, Adarsh and Khanna, Abhishek and Bhatt, Jay and Sakhiya, Parthkumar V and Bahl, R K},
  booktitle={2020 11th International Conference on Computing, Communication and Networking Technologies (ICCCNT)}, 
  title={Experimental Demonstration of Free Space Quantum Key Distribution System based on the BB84 Protocol}, 
  year={2020},
  volume={},
  number={},
  pages={1-5},
  doi={10.1109/ICCCNT49239.2020.9225317}
}



@article{Mohr_2016,
	doi = {10.1103/revmodphys.88.035009},
  
	url = {https://doi.org/10.1103%2Frevmodphys.88.035009},
  
	year = 2016,
	month = {sep},
  
	publisher = {American Physical Society ({APS})},
  
	volume = {88},
  
	number = {3},
  
	author = {Peter J. Mohr and David B. Newell and Barry N. Taylor},
  
	title = {{CODATA} recommended values of the fundamental physical constants: 2014},
  
	journal = {Reviews of Modern Physics}
}
@article{PhysRevB.44.3793,
  title = {Small-angle scattering in two-dimensional electron gases},
  author = {Coleridge, P. T.},
  journal = {Phys. Rev. B},
  volume = {44},
  issue = {8},
  pages = {3793--3801},
  numpages = {0},
  year = {1991},
  month = {Aug},
  publisher = {American Physical Society},
  doi = {10.1103/PhysRevB.44.3793},
  url = {https://link.aps.org/doi/10.1103/PhysRevB.44.3793}
}
@article{doi:10.1063/1.363818,
author = {Moore,W. J.  and Holm,R. T. },
title = {Infrared dielectric constant of gallium arsenide},
journal = {Journal of Applied Physics},
volume = {80},
number = {12},
pages = {6939-6942},
year = {1996},
doi = {10.1063/1.363818},
URL = {https://doi.org/10.1063/1.363818},
eprint = {https://doi.org/10.1063/1.363818}}