@PREAMBLE{
 "\providecommand{\noopsort}[1]{}" 
 # "\providecommand{\singleletter}[1]{#1}%" 
}

@BOOK{scitool,
   author       = {M. R. Derrick and D. Stulik and J. M. Landry},
   year         = 1999,
   title        = {Infrared Spectroscopy in Conservation Science},
   publisher    = {The Getty Conservation Institute}
}

@ARTICLE{feyn54,
   author       = "R. P. Feynman",
   year         = "1954",
   journal      = "Phys.\ Rev.",
   volume       = "94",
   pages        = "262",
}

@ARTICLE{epr,
   author       = "A. Einstein and {\relax Yu} Podolsky and N. Rosen", 
   year         = "1935", 
   journal      = "Phys.\ Rev.", 
   volume       = "47", 
   pages        = "777",
}

@BOOK{Napolitano,
author="Adrian C. Melissinos and Jim Napolitano",
year=2003,
title="Experiments In Modern Physics Second Edition",
publisher="Academic Press"
}

@BOOK{DasFerbel,
author="A. Das and T. Ferbel",
year=2003,
title="Introduction to Nuclear and Particle Physics Second Edition",
publisher="World Scientific"
}

@misc{NIST,
author={National Institute of Standards and Technology},
title={electron mass- CODATA Value},
note={Accessed on 17/7/2022},
howpublished={https://physics.nist.gov/cgi-bin/cuu/Value?me%7Csearch_for=electron+mass}
}

@misc{NUCLEARDATAWHERECS137IS,
author={The Lund/LBNL Nuclear Data Search},
year=1999,
note={Accessed on 21/7/2022},
howpublished={http://nucleardata.nuclear.lu.se/toi/index.asp}
}

@article{Mohr_2016,
	doi = {10.1103/revmodphys.88.035009},
  
	url = {https://doi.org/10.1103%2Frevmodphys.88.035009},
  
	year = 2016,
	month = {sep},
  
	publisher = {American Physical Society ({APS})},
  
	volume = {88},
  
	number = {3},
  
	author = {Peter J. Mohr and David B. Newell and Barry N. Taylor},
  
	title = {{CODATA} recommended values of the fundamental physical constants: 2014},
  
	journal = {Reviews of Modern Physics}
}
@article{PhysRevB.44.3793,
  title = {Small-angle scattering in two-dimensional electron gases},
  author = {Coleridge, P. T.},
  journal = {Phys. Rev. B},
  volume = {44},
  issue = {8},
  pages = {3793--3801},
  numpages = {0},
  year = {1991},
  month = {Aug},
  publisher = {American Physical Society},
  doi = {10.1103/PhysRevB.44.3793},
  url = {https://link.aps.org/doi/10.1103/PhysRevB.44.3793}
}
@article{doi:10.1063/1.363818,
author = {Moore,W. J.  and Holm,R. T. },
title = {Infrared dielectric constant of gallium arsenide},
journal = {Journal of Applied Physics},
volume = {80},
number = {12},
pages = {6939-6942},
year = {1996},
doi = {10.1063/1.363818},
URL = {https://doi.org/10.1063/1.363818},
eprint = {https://doi.org/10.1063/1.363818}}